



@inproceedings{frigo1994implementing,
  author    = {Paolo Frigo and
               Massimo Marchiori},
  editor    = {Norbert E. Fuchs and
               Georg Gottlob},
  title     = {Implementing Prolog Programs Free from Unification},
  booktitle = {Proceedings of the Tenth Logic Programming Workshop, {WLP} 94, 5-7
               Octobert 1994, Univerity of Zurich, Switzerland. Technical Report
               94/10},
  pages     = {36--39},
  publisher = {Institut f{\"{u}}r Informatik der Universit{\"{a}}t Z{\"{u}}rich},
  year      = {1994},
  url = {https://www.w3.org/People/Massimo/papers/wlp94.pdf}
}
